@article{guralnick2015,
	author = {Guralnick, Robert P. and Cellinese, Nico and Deck, John and Pyle, Richard L. and Kunze, John and Penev, Lyubomir and Walls, Ramona and Hagedorn, Gregor and Agosti, Donat and Wieczorek,John and Catapano, Terry and Page, Roderic D. M.},
	title = {Community Next Steps for Making Globally Unique Identifiers Work for Biocollections Data},
	journaltitle = {ZooKeys},
	date = {2015},
	volume = {494},
	pages = {133-154},
	doi = {10.3897/zookeys.494.9352},
}

@article{ytow2001,
	title={Nomencurator: a nomenclatural history model to handle multiple taxonomic views},
	author={Ytow, Nozomi and Morse, David R and Roberts, David Mcl},
	journal={Biological journal of the Linnean Society},
	volume={73},
	number={1},
	pages={81--98},
	year={2001},
	publisher={Wiley Online Library}
}

@article{blagoderov2012,
	title={No specimen left behind: industrial scale digitization of natural history collections},
	author={Blagoderov, Vladimir and Kitching, Ian J and Livermore, Laurence and Simonsen, Thomas J and Smith, Vincent S},
	journal={ZooKeys},
	number={209},
	pages={133},
	year={2012},
	publisher={Pensoft Publishers}
}

